@string{Jan = "January"}
@string{Feb = "February"}
@string{Mar = "March"}
@string{Apr = "April"}
@string{May = "May"}
@string{Jun = "June"}
@string{Jul = "July"}
@string{Aug = "August"}
@string{Sep = "September"}
@string{Oct = "October"}
@string{Nov = "November"}
@string{Dec = "December"}

@string{anrt = "Association Nationale de la Recherche Technique"}
@string{as="Acta Stereologica"}
@string{assp = "IEEE Transactions on Acoustics, Speech and Signal Processing"}
@string{cacm = "Communications of the ACM"}
@string{cg = "Centre de G\'{e}ostatistique"}
@string{cgeo = "Computers and Geosciences"}
@string{cgip = "Computer Graphics and Image Processing"}
@string{cmm = "Centre de Morphologie Math\'ematique"}
@string{csiro = "Commonwealth Science and Industry Research Organization"}
@string{cssp = "Circuits Systems Signal Process"}
@string{cvgip = "Computer Vision, Graphics, and Image Processing"}
@string{cvgipgmip = "Computer Vision, Graphics, and Image Processing: Graphical 
Models and Image Processing"}
@string{cvgipiu = "Computer Vision, Graphics, and Image Processing: Image Unders
tanding"}
@string{emp = "Ecole des Mines de Paris"}
@string{emp-cmm = "Ecole des Mines de Paris, Centre de Morphologie Math\'{e}mati
que"}
@string{epfl-igr = "Ecole Polytechnique de Lausanne, Institut de
                  G\'{e}nie Rural"}
@string{grs = "IEEE Transactions on Geosciences and Remote Sensing"}
@string{itcomm = "IEEE Transactions on Communication"}
@string{itcomp = "IEEE Transactions on Computers"}
@string{ijrs = "International Journal of Remote Sensing"}
@string{jacm = "J. Assoc. Comp. Mach."}
@string{jmicro = "Journal of Microscopy"}
@string{jvcir = "Journal of Visual Communication and Image Representation"}
@string{jvciu = "Journal of Visual Communication and Image Understanding"}
@string{mathgeol = "Mathematical Geology"}
@string{oe = "Optical Engineering"}
@string{rpi = "PHOTO-INTERPRETATION"}
@string{pami = "IEEE Transactions on Pattern Analysis and Machine Intelligence"}
@string{pers = "Photogrammetric Engineering and Remote Sensing"}
@string{pr = "Pattern Recognition"}
@string{prl = "Pattern Recognition Letters"}
@string{prs = "Photogrammetria (PRS)"}
@string{smc = "IEEE Transactions on System, Man, and Cybernetics"}
@string{sigpro = "Signal Processing"}
@string{spie = "Society of Photo-Instrumentation Engineers"}
@string{tmi="The Mathematical Intelligencer"}
@string{ucl = "Universit\'{e} Catholique de Louvain"}
@string{wrr = "Water Resources Research"}
@string{ENSMP = "Ecole Nationale Sup\'{e}rieure des Mines de Paris"}

@InProceedings{Beucher-Lantu-79,
  author =       {Beucher, S. and Lantu\'{e}joul, C.},
  title =        {Use of Watersheds in Contour Detection},
  booktitle =    {Int. Workshop on Image Processing},
  year =         {1979},
  OPTeditor =    {},
  OPTvolume =    {},
  OPTnumber =    {},
  OPTseries =    {},
  address =      {Rennes, France},
  month =        {Sept.},
  organization = {CCETT/IRISA},
  OPTnote =      {First international publication of the Watershed}
}


@article{Vincent91a,
        author = {L. Vincent and P. Soille},
        title = {Watersheds in digital spaces: an efficient algorithm based on immersion simulations},
        journal = pami,
        year = {1991},
        volume = {13},
        number = {6},
        pages = {583-598},
        month = Jun,
        keywords = {MM, ALGORITHMS, WATERSHEDS}
}


@InBook{Beucher93a,
  author = 	 {S. Beucher and F. Meyer},
  ALTeditor = 	 {E. Dougherty},
  title = 	 {Mathematical Morphology in Image Processing},
  chapter = 	 {12: The Morphological Approach to Segmentation: The Watershed Transformation},
  publisher = 	 {Marcel Dekker Inc.},
  year = 	 {1993},
  OPTkey = 	 {},
  OPTvolume = 	 {},
  OPTnumber = 	 {},
  OPTseries = 	 {},
  OPTtype = 	 {},
  OPTaddress = 	 {},
  OPTedition = 	 {},
  OPTmonth = 	 {},
  pages = 	 {433-481},
  OPTnote = 	 {},
  OPTannote = 	 {}
}

@Article{Meyer1994a,
  author = 	 {F. Meyer},
  title = 	 {Topographic distance and watershed lines},
  journal = 	 {Signal Processing},
  year = 	 {1994},
  OPTkey = 	 {},
  volume = 	 {38},
  OPTnumber = 	 {},
  pages = 	 {113-125},
  OPTmonth = 	 {},
  OPTnote = 	 {},
  OPTannote = 	 {}
}

@Article{Roerdink2000a,
  author = 	 {J. B. T. M. Roerdink and A. Meijster},
  title = 	 {The watershed transform: definitions, algorithms, and parallelization strategies.},
  journal = 	 {Fundamenta Informaticae},
  year = 	 {2000},
  OPTkey = 	 {},
  volume = 	 {41},
  OPTnumber = 	 {},
  pages = 	 {187-228},
  publisher =    {Universal Press},
  month = 	 {March},
  note = 	 {ISBN 90-367-1977-1},
  OPTannote = 	 {}
}

@PhdThesis{Meijster2004a,
  author = 	 {Meijster, A.},
  title = 	 {Efficient Sequential and Parallel Algorithms for Morphological Image Processing},
  school = 	 {Institute for Mathematics and Computing Science, University of Groningen},
  year = 	 {2004},
  OPTkey = 	 {},
  OPTtype = 	 {},
  OPTaddress = 	 {},
  OPTmonth = 	 {March},
  OPTnote = 	 {},
  OPTannote = 	 {}
}

@inproceedings{topologicalWatershed,
   author =       {M. Couprie and G. Bertrand},
   title =        {Topological Grayscale Watershed Transformation},
   journal =      {SPIE Vision Geometry VI Proceedings},
   year =         {1997},
   volume =       {3168},
   pages =        {136-146},
   month =        {January - June}
}

@inproceedings{Meyer91a,
   AUTHOR =       {F. Meyer},
   TITLE =        {Un algorithme optimal de ligne de partage des eaux},
   YEAR =         {1991},
   month =        nov,
   booktitle =    {Proc. 8\`{e}me Congr\`{e}s Reconnaissance des Formes
                   et Intelligence Artificielle},
   PAGES =        {847-857},
   publisher =    {AFCET}
}

 @Book{Dougherty93a,
  ALTauthor = 	 {},
  editor = 	 {E. Dougherty},
  title = 	 {Mathematical Morphology in Image Processing},
  publisher = 	 {Marcel Dekker Inc.},
  year = 	 {1993},
  OPTkey = 	 {},
  OPTvolume = 	 {},
  OPTnumber = 	 {},
  OPTseries = 	 {},
  OPTaddress = 	 {},
  OPTedition = 	 {},
  OPTmonth = 	 {},
  OPTnote = 	 {},
  OPTannote = 	 {}
}

@misc{ najman03watershed,
  author = "L. Najman and M. Couprie",
  title = "Watershed algorithms and contrast preservation",
  text = "Najman, L., Couprie, M.: Watershed algorithms and contrast preservation.
    In: DGCI'03. Volume 2886 of Lecture Notes in Computer Sciences. Springer
    Verlag (2003) 62--71",
  year = "2003",
  url = "citeseer.ist.psu.edu/najman03watershed.html"
}

@Article{WrapITK,
   author =       {Ga\"etan Lehmann, Zachary Pincus and Benoit Regrain},
   title =        {WrapITK - Enhanced languages support for the Insight Toolkit},
   year =         {2006},
   journal =      {Insight Journal},
   month =        {January - June}
}

@Article{regionalExtrema,
   author =       {Richard Beare and Ga\"etan Lehmann},
   title =        {Finding regional extrema - methods and performance},
   year =         {2005},
   journal =      {Insight Journal},
   month =        {August - December}
}

@Article{labelOverlay,
   author =       {Ga\"etan Lehmann},
   title =        {LabelOverlayImageFilter},
   year =         {2006},
   journal =      {Insight Journal},
   month =        {January - June}
}

@Article{minimaImposition,
   author =       {Ga\"etan Lehmann},
   title =        {MinimaImpositionImageFilter},
   year =         {2005},
   journal =      {Insight Journal},
   month =        {August - December}
}

@Article{connectedComponent,
   author =       {Richard Beare},
   title =        {Optimization of connected component labelling},
   year =         {2006},
   journal =      {Insight Journal},
   month =        {January - June}
}

@Article{invert,
   author =       {Ga\"etan Lehmann},
   title =        {InvertIntensityImageFilter},
   year =         {2005},
   journal =      {Insight Journal},
   month =        {August - December}
}

@Article{recons,
   author =       {Richard Beare},
   title =        {Improving performance of morphological reconstruction},
   year =         {2006},
   journal =      {Insight Journal},
   month =        {January - June}
}
